@inproceedings{DBLP:conf/gis/LettichOS15,
  author    = {Francesco Lettich and
               Salvatore Orlando and
               Claudio Silvestri},
  title     = {Processing streams of spatial k-NN queries and position updates on
               manycore GPUs},
  booktitle = {{SIGSPATIAL/GIS}},
  pages     = {26:1--26:10},
  publisher = {{ACM}},
  year      = {2015}
}

@inproceedings{DBLP:conf/sigmod/ChenOO05,
	author    = {Lei Chen and
	M. Tamer {\"{O}}zsu and
	Vincent Oria},
	title     = {Robust and Fast Similarity Search for Moving Object Trajectories},
	booktitle = {{SIGMOD} Conference},
	pages     = {491--502},
	publisher = {{ACM}},
	year      = {2005}
}

@article{DBLP:journals/gis/Brunsdon13,
	author    = {Chris Brunsdon},
	title     = {Computing with spatial trajectories, edited by Yu Zheng, Xiaofang Zhou,
	Berlin, Springer, 2011, 1st ed., {\textsterling}84.99 (hardcover),
	308 pp. {ISBN-10:} 1461416280; {ISBN-13:} 978-1461416289},
	journal   = {International Journal of Geographical Information Science},
	volume    = {27},
	number    = {1},
	pages     = {208--209},
	year      = {2013}
}

@article{DBLP:journals/tist/Zheng15,
	author    = {Yu Zheng},
	title     = {Trajectory Data Mining: An Overview},
	journal   = {{ACM} {TIST}},
	volume    = {6},
	number    = {3},
	pages     = {29:1--29:41},
	year      = {2015}
}

@inproceedings{DBLP:conf/gis/LeeSCC12,
	author    = {Wang{-}Chien Lee and
	Weiping Si and
	Ling{-}Jyh Chen and
	Meng{-}Chang Chen},
	title     = {{HTTP:} a new framework for bus travel time prediction based on historical
	trajectories},
	booktitle = {{SIGSPATIAL/GIS}},
	pages     = {279--288},
	publisher = {{ACM}},
	year      = {2012}
}

@INPROCEEDINGS{7498315, 
	author={H. Doraiswamy and H. T. Vo and C. T. Silva and J. Freire}, 
	booktitle={2016 IEEE 32nd International Conference on Data Engineering (ICDE)}, 
	title={A GPU-based index to support interactive spatio-temporal queries over historical data}, 
	year={2016}, 
	pages={1086-1097}, 
	keywords={data visualisation;geography;indexing;interactive systems;query processing;GPU-based indexing scheme;MongoDB;OLAP-type queries;block-based storage structure;historical data;interactive spatio-temporal queries;interactive visualization tools;multiple geographical regions;query execution algorithms;query processing;simultaneous filtering;Graphics processing units;Parallel processing;Synchronization;Syntactics;Urban areas}, 
	doi={10.1109/ICDE.2016.7498315}, 
	month={May},}